% Series de Tiempo  %%%%%%%%%%%%%%%%
@article{box1970time,
  title={Time series analysis: forecasting and control Holden-day San Francisco},
  author={Box, George EP and Jenkins, Gwilym M and Reinsel, G},
  journal={BoxTime Series Analysis: Forecasting and Control Holden Day1970},
  year={1970}
}

@book{box2015time,
  title={Time series analysis: forecasting and control},
  author={Box, George EP and Jenkins, Gwilym M and Reinsel, Gregory C and Ljung, Greta M},
  year={2015},
  publisher={John Wiley \& Sons}
}
%Metodologia BOX y Jenkins
@book{chatfield1996,
   title =     {The analysis of time series: an introduction},
   author =    {C. Chatfield},
   publisher = {Chapman and Hall/CRC},
   isbn =      {0412716402,9780412716409},
   year =      {1996},
   series =    {},
   edition =   {5},
   volume =    {},
   url =       {http://gen.lib.rus.ec/book/index.php?md5=6544B01C91B53D8C283389551CCA53D2}
}

@book{capa2016seriest,
  title={Series temporales: la ciencia y el arte de la modelación y los pronósticos},
  author={Capa Santos, Holger},
  year={2016},
  publisher={Escuela Politécnica Nacional}
}

@book{shumway2017time,
  title={Time series analysis and its applications: with R examples},
  author={Shumway, Robert H and Stoffer, David S},
  year={2017},
  publisher={Springer}
}

%%%%%%    SARIMAX  
@misc{novales1993econometria,
  title={ECONOMETRIA. Segunda Edici{\'o}n, EDITORIAL McGRAW--HILL},
  author={Novales, Alfonso},
  year={1993},
  publisher={INTERAMERICANA DE ESPA{\~N}A, SA}
}

@book{pankratz2012forecasting,
  title={Forecasting with dynamic regression models},
  author={Pankratz, Alan},
  volume={935},
  year={1991},
  publisher={John Wiley \& Sons}
}

% ARIMAX metodología
@article{andrews2013building,
  title={Building ARIMA and ARIMAX models for predicting long-term disability benefit application rates in the public/private sectors},
  author={Andrews, Bruce H and Dean, Matthew D and Swain, Robert and Cole, Caroline},
  journal={Society of Actuaries},
  pages={1--54},
  year={2013}
}

%%%%%   STL - Loess   %%%%%
@article{cleveland1990stl,
  title={STL: A Seasonal-Trend Decomposition},
  author={Cleveland, Robert B and Cleveland, William S and McRae, Jean E and Terpenning, Irma},
  journal={Journal of Official Statistics},
  volume={6},
  number={1},
  pages={3--73},
  year={1990}
}

%%%%%% Simulacion Ross  %%%%%%
@article{ross2006simulation,
  title={Simulation},
  author={Ross, Sheldon},
  year={2006},
  publisher={Elsevier}
}

%%%%%%% Metricas para Series de Tiempo %%%%%%%%
@article{caiado2006periodogram,
  title={A periodogram-based metric for time series classification},
  author={Caiado, Jorge and Crato, Nuno and Pe{\~n}a, Daniel},
  journal={Computational Statistics \& Data Analysis},
  volume={50},
  number={10},
  pages={2668--2684},
  year={2006},
  publisher={Elsevier}
}


@article{johnson2004multivariate,
  title={Multivariate analysis},
  author={Johnson, Richard A and Wichern, Dean W},
  journal={Encyclopedia of Statistical Sciences},
  volume={8},
  year={2004},
  publisher={Wiley Online Library}
}

@article{galeano2000multivariate,
  title={Multivariate analysis in vector time series},
  author={Galeano, Pedro and Pe{\~n}a, Daniel Pella},
  journal={Resenhas do Instituto de Matem{\'a}tica e Estat{\'\i}stica da Universidade de S{\~a}o Paulo},
  volume={4},
  number={4},
  pages={383--403},
  year={2000}
}

@article{piccolo1990distance,
  title={A distance measure for classifying ARIMA models},
  author={Piccolo, Domenico},
  journal={Journal of Time Series Analysis},
  volume={11},
  number={2},
  pages={153--164},
  year={1990},
  publisher={Wiley Online Library}
}
@article{corduas2008time,
  title={Time series clustering and classification by the autoregressive metric},
  author={Corduas, Marcella and Piccolo, Domenico},
  journal={Computational statistics \& data analysis},
  volume={52},
  number={4},
  pages={1860--1872},
  year={2008},
  publisher={Elsevier}
}


@article{diggle1991nonparametric,
  title={Nonparametric comparison of cumulative periodograms},
  author={Diggle, Peter J and Fisher, Nicholas I},
  journal={Applied Statistics},
  pages={423--434},
  year={1991},
  publisher={JSTOR}
}

@article{diggle1997spectral,
  title={Spectral analysis of replicated biomedical time series},
  author={Diggle, Peter J and Al Wasel, Ibrahim},
  journal={Journal of the Royal Statistical Society: Series C (Applied Statistics)},
  volume={46},
  number={1},
  pages={31--71},
  year={1997},
  publisher={Wiley Online Library}
}

@article{maharaj2000cluster,
  title={Cluster of time series},
  author={Maharaj, Elizabeth Ann},
  journal={Journal of Classification},
  volume={17},
  number={2},
  pages={297--314},
  year={2000},
  publisher={Springer}
}

%%%%%%%  MDS  %%%%%%%%%%%%%%%
@article{stevens1946theory,
  title={On the theory of scales of measurement Science},
  author={Stevens, Stanley Smith},
  journal={New series},
  volume={103},
  number={2684},
  year={1946}
}

@article{torgerson1958theory,
  title={Theory and methods of scaling.},
  author={Torgerson, Warren S},
  year={1958},
  publisher={Wiley}
}

@article{coombs1950psychological,
  title={Psychological scaling without a unit of measurement.},
  author={Coombs, Clyde H},
  journal={Psychological review},
  volume={57},
  number={3},
  pages={145},
  year={1950},
  publisher={American Psychological Association}
}

@article{shepard1962analysis,
  title={The analysis of proximities: multidimensional scaling with an unknown distance function. I.},
  author={Shepard, Roger N},
  journal={Psychometrika},
  volume={27},
  number={2},
  pages={125--140},
  year={1962},
  publisher={Springer}
}

@article{guttman1968general,
  title={A general nonmetric technique for finding the smallest coordinate space for a configuration of points},
  author={Guttman, Louis},
  journal={Psychometrika},
  volume={33},
  number={4},
  pages={469--506},
  year={1968},
  publisher={Springer}
}

@article{kruskal1964multidimensional,
  title={Multidimensional scaling by optimizing goodness of fit to a nonmetric hypothesis},
  author={Kruskal, Joseph B},
  journal={Psychometrika},
  volume={29},
  number={1},
  pages={1--27},
  year={1964},
  publisher={Springer}
}

@article{borg2003modern,
  title={Modern multidimensional scaling: Theory and applications},
  author={Borg, Ingwer and Groenen, Patrick},
  journal={Journal of Educational Measurement},
  volume={40},
  number={3},
  pages={277--280},
  year={2003},
  publisher={Wiley Online Library}
}

@book{cox2000multidimensional,
  title={Multidimensional scaling},
  author={Cox, Trevor F and Cox, Michael AA},
  year={2000},
  publisher={Chapman and hall/CRC}
}

%%%%%%%%%   CLUSTERING  %%%%%%%%%%%

% PAM
@article{rousseeuw1990finding,
  title={Finding groups in data},
  author={Rousseeuw, Peter J and Kaufman, L},
  journal={Series in Probability \& Mathematical Statistics 1990-34 (1)},
  pages={111--112},
  year={1990}
}

%CLARA Capitulo3
@Book{kaufman1990finding,
  title = {Finding Groups in Data: An Introduction to Cluster Analysis},
  publisher = {John Wiley \& Sons Inc.},
  author = {Kaufman, Leonard and Rousseeuw, Peter J},
  year = {1990},
  adress = {New York}
}

@misc{kaufman1990p,
  title={Finding Groups in Data: An Introduction to Cluster Analysis},
  author={P. J, Rousseeuw and Kaufman, Leonard},
  year={1990},
  publisher={Wiley, New York}
}

% CLARANS
@article{ng2002clarans,
  title={CLARANS: A method for clustering objects for spatial data mining},
  author={Ng, Raymond T and Han, Jiawei},
  journal={IEEE Transactions on Knowledge \& Data Engineering},
  number={5},
  pages={1003--1016},
  year={2002},
  publisher={IEEE}
}

% Paquete Cluster R
@Manual{clust2019r,
	title = {cluster: Cluster Analysis Basics and Extensions},
    author = {Martin Maechler and Peter Rousseeuw and Anja Struyf and Mia Hubert and Kurt Hornik},
    year = {2019},
    note = {R package version 2.0.9 --- For new features, see the 'Changelog' file (in the package source)}
}
 
@Manual{factoext2017r,
	title = {factoextra: Extract and Visualize the Results of Multivariate Data Analyses},
    author = {Alboukadel Kassambara and Fabian Mundt},
    year = {2017},
    note = {R package version 1.0.5}
} 
  
%%%%%%%%%%%%%  CLUSTERING  %%%%%%%%%%%%%%%

@article{liao2005clustering,
  title={Clustering of time series data survey},
  author={Liao, T Warren},
  journal={Pattern recognition},
  volume={38},
  number={11},
  pages={1857--1874},
  year={2005},
  publisher={Elsevier}
}

@article{fu2011review,
  title={A review on time series data mining},
  author={Fu, Tak-chung},
  journal={Engineering Applications of Artificial Intelligence},
  volume={24},
  number={1},
  pages={164--181},
  year={2011},
  publisher={Elsevier}
}

%   DISIMILITUDES
@inproceedings{struzik1999haar,
  title={The Haar wavelet transform in the time series similarity paradigm},
  author={Struzik, Zbigniew R and Siebes, Arno},
  booktitle={European Conference on Principles of Data Mining and Knowledge Discovery},
  pages={12--22},
  year={1999},
  organization={Springer}
}


@article{chouakria2007adaptive,
  title={Adaptive dissimilarity index for measuring time series proximity},
  author={Chouakria, Ahlame Douzal and Nagabhushan, Panduranga Naidu},
  journal={Advances in Data Analysis and Classification},
  volume={1},
  number={1},
  pages={5--21},
  year={2007},
  publisher={Springer}
}

@incollection{kaufman1986clustering,
  title={Clustering large data sets},
  author={Kaufman, Leonard and Rousseeuw, Peter J},
  booktitle={Pattern Recognition in Practice, Volume II},
  pages={425--437},
  year={1986},
  publisher={Elsevier}
}

@article{kerr2001bootstrapping,
  title={Bootstrapping cluster analysis: assessing the reliability of conclusions from microarray experiments},
  author={Kerr, M Kathleen and Churchill, Gary A},
  journal={Proceedings of the National Academy of Sciences},
  volume={98},
  number={16},
  pages={8961--8965},
  year={2001},
  publisher={National Acad Sciences}
}




% Validar Numero de Clusters  %%%%%%%%%%%%%%
@article{yeung2001validating,
  title={Validating clustering for gene expression data},
  author={Yeung, Ka Yee and Haynor, David R. and Ruzzo, Walter L.},
  journal={Bioinformatics},
  volume={17},
  number={4},
  pages={309--318},
  year={2001},
  publisher={Oxford University Press}
}

@article{datta2003comparisons,
  title={Comparisons and validation of statistical clustering techniques for microarray gene expression data},
  author={Datta, Susmita and Datta, Somnath},
  journal={Bioinformatics},
  volume={19},
  number={4},
  pages={459--466},
  year={2003},
  publisher={Oxford University Press}
}

@article{duda2001pattern,
  title={Pattern classification},
  author={Duda, Richard O and Hart, Peter E and Stork, David G and others},
  journal={International Journal of Computational Intelligence and Applications},
  volume={1},
  pages={335--339},
  year={2001},
  publisher={IMPERIAL COLLEGE PRESS}
}

@inproceedings{salvador2004determining,
  title={Determining the number of clusters/segments in hierarchical clustering/segmentation algorithms},
  author={Salvador, Stan and Chan, Philip},
  booktitle={Tools with Artificial Intelligence, 2004. ICTAI 2004. 16th IEEE International Conference on},
  pages={576--584},
  year={2004},
  organization={IEEE}
}

@article{tibshirani2001estimating,
  title={Estimating the number of clusters in a data set via the gap statistic},
  author={Tibshirani, Robert and Walther, Guenther and Hastie, Trevor},
  journal={Journal of the Royal Statistical Society: Series B (Statistical Methodology)},
  volume={63},
  number={2},
  pages={411--423},
  year={2001},
  publisher={Wiley Online Library}
}

@article{tibshirani2005cluster,
  title={Cluster validation by prediction strength},
  author={Tibshirani, Robert and Walther, Guenther},
  journal={Journal of Computational and Graphical Statistics},
  volume={14},
  number={3},
  pages={511--528},
  year={2005},
  publisher={Taylor \& Francis}
}

@article{fraley1998many,
  title={How many clusters? Which clustering method? Answers via model-based cluster analysis},
  author={Fraley, Chris and Raftery, Adrian E},
  journal={The computer journal},
  volume={41},
  number={8},
  pages={578--588},
  year={1998},
  publisher={OUP}
}


%%%%%%%%%%%%    ACP Funcional    %%%%%%%%%%%%%%%%%

% Analisis Multivariante
@book{anderson2003multivariate,
  title={An introduction to multivariate statistical analysis},
  author={Theodore W Anderson},
  year={2003},
  edition={3},
  publisher={Wiley series in probability and mathematical statistics}
}

%ACP
@article{pearson1901liii,
  title={LIII. On lines and planes of closest fit to systems of points in space},
  author={Pearson, Karl},
  journal={The London, Edinburgh, and Dublin Philosophical Magazine and Journal of Science},
  volume={2},
  number={11},
  pages={559--572},
  year={1901},
  publisher={Taylor \& Francis}
}
@article{hotelling1933analysis,
  title={Analysis of a complex of statistical variables into principal components.},
  author={Hotelling, Harold},
  journal={Journal of educational psychology},
  volume={24},
  number={6},
  pages={417},
  year={1933},
  publisher={Warwick \& York}
}
% ACP en R
@book{kassambara2017practical,
  title={Practical Guide To Principal Component Methods in R: PCA, M (CA), FAMD, MFA, HCPC, factoextra},
  author={Kassambara, Alboukadel},
  volume={2},
  year={2017},
  publisher={STHDA}
}
% ACP Funcional
@article{rao1958some,
  title={Some statistical methods for comparison of growth curves},
  author={Rao, C Radhakrishna},
  journal={Biometrics},
  volume={14},
  number={1},
  pages={1--17},
  year={1958},
  publisher={JSTOR}
}

@article{tucker1958determination,
  title={Determination of parameters of a functional relation by factor analysis},
  author={Tucker, Ledyard R},
  journal={Psychometrika},
  volume={23},
  number={1},
  pages={19--23},
  year={1958},
  publisher={Springer}
}

% ACP y ACPF
@book{jolliffe2011principal,
  title={Principal component analysis},
  author={Jolliffe, Ian},
  year={2011},
  publisher={Springer}
}

@book{ramsey1997functional,
  title={Functional data analysis},
  author={Ramsey, James O and Silverman, Bernard W},
  year={1997},
  publisher={Springer}
}

@book{ramsay2005functional2,
  title = {Functional Data Analysis},
  author = {Ramsey, James O and Silverman, Bernard W},
  year = {2005},
  publisher = {Springer Series in Statistics},
}

@book{ramsay2007applied,
  title={Applied functional data analysis: methods and case studies},
  author={Ramsay, James O and Silverman, Bernard W},
  year={2007},
  publisher={Springer}
}


@article{dauxois1982asymptotic,
  title={Asymptotic theory for the principal component analysis of a vector random function: some applications to statistical inference},
  author={Dauxois, Jacques and Pousse, Alain and Romain, Yves},
  journal={Journal of multivariate analysis},
  volume={12},
  number={1},
  pages={136--154},
  year={1982},
  publisher={Elsevier}
}

@article{hall2006properties,
  title={On properties of functional principal components analysis},
  author={Hall, Peter and Hosseini-Nasab, Mohammad},
  journal={Journal of the Royal Statistical Society: Series B (Statistical Methodology)},
  volume={68},
  number={1},
  pages={109--126},
  year={2006},
  publisher={Wiley Online Library}
}


@inproceedings{hall2009theory,
  title={Theory for high-order bounds in functional principal components analysis},
  author={Hall, Peter and Hosseini-Nasab, Mohammad},
  booktitle={Mathematical Proceedings of the Cambridge Philosophical Society},
  volume={146},
  number={1},
  pages={225--256},
  year={2009},
  organization={Cambridge University Press}
}


@article{cardot1999functional,
  title={Functional linear model},
  author={Cardot, Herv{\'e} and Ferraty, Fr{\'e}d{\'e}ric and Sarda, Pascal},
  journal={Statistics \& Probability Letters},
  volume={45},
  number={1},
  pages={11--22},
  year={1999},
  publisher={Elsevier}
}


@article{cardot2003spline,
  title={Spline estimators for the functional linear model},
  author={Cardot, Herv{\'e} and Ferraty, Fr{\'e}d{\'e}ric and Sarda, Pascal},
  journal={Statistica Sinica},
  pages={571--591},
  year={2003},
  publisher={JSTOR}
}

@article{hall2007methodology,
  title={Methodology and convergence rates for functional linear regression},
  author={Hall, Peter and Horowitz, Joel L and others},
  journal={The Annals of Statistics},
  volume={35},
  number={1},
  pages={70--91},
  year={2007},
  publisher={Institute of Mathematical Statistics}
}

@book{bosq2012linear,
  title={Linear processes in function spaces: theory and applications},
  author={Bosq, Denis},
  volume={149},
  year={2012},
  publisher={Springer Science \& Business Media}
}





%%%%%%%%%%%%%% R Paquetes  %%%%%%%%%%%%%%%%%%%

@manual{shiny, 
  title={Easy web applications in R.}, 
  author={{RStudio, Inc}}, 
  year={2013}, 
  note={URL: \url{http://www.rstudio.com/shiny/}}
} 








%%%%%%%%%%%%%%%%%%%%%%%
@BOOK{Chung1990,
  title = {{Introduction to Stochastic Integration}},
  publisher = {Birkhäuser},
  year = {1990},
  author = {Chung, K. and Williams, R.},
  address = {New York}
}
%%%%%%%%%%%%%%%%%%%%%%%
@Book{Chaos1996,
  title =	 {CHAOS: An Introduction to Dynamical Systems},
  publisher = {Springer-Verlag New York},
  year = 	 {1996},
  author =	 {Alligood, K. and Sauer, T. and Yorke, J.},
  address = {New York}
}
%%%%%%%%%%%%%%%%%%%%%%%
@Book{Lakshmanan2003,
  title =	 {Nonlinear Dynamics},
  publisher = {Springer-Verlag Berlin Heidelberg},
  year = 	 {2003},
  author =	 {Lakshmanan, M. and Rajasekar, S.},
  address = {Berlin}
}

}}